% This file was created with JabRef 2.10.
% Encoding: UTF8


@Article{maven-checkstyle-plugin,
  Title                    = {Apache Maven Checkstyle Plugin},
  Author                   = {Apache},
  Year                     = {2017},

  Owner                    = {subaochen},
  Timestamp                = {2016.09.22},
  Url                      = {https://maven.apache.org/plugins/maven-checkstyle-plugin/}
}


@Misc{ci-martinflower,
  Title                    = {Continuous Integration},

  Author                   = {Martin Fowler},
  Month                    = {5},
  Year                     = {2006},

  Owner                    = {subaochen},
  Timestamp                = {2016.09.30},
  Url                      = {http://www.martinfowler.com/articles/continuousIntegration.html}
}

@Article{google-java-style-guide,
  Title                    = {Google Java Style Guilde},
  Author                   = {google},
  Year                     = {2014},

  Owner                    = {subaochen},
  Timestamp                = {2016.09.22},
  Url                      = {https://google.github.io/styleguide/javaguide.html}
}

@Electronic{java-generic-faq,
  Title                    = {Java Generics FAQs},
  Author                   = {Angelika Langer},
  Url                      = {http://www.angelikalanger.com/GenericsFAQ/JavaGenericsFAQ.html},

  Abstract                 = {作者积累了很多Java泛型的FAQ},
  Owner                    = {subaochen},
  Timestamp                = {2016.12.23}
}

@Electronic{jls-jvm-homepage,
  Title                    = {JLS \& JVM规范},
  Author                   = {Oracle},
  Url                      = {https://docs.oracle.com/javase/specs/index.html},

  Abstract                 = {JLS & JVM规范},
  Comment                  = {JLS & JVM规范},
  Owner                    = {subaochen},
  Timestamp                = {2017.03.10}
}


@Book{jsf2-html5,
  Title                    = {Pro JSF and HTML5},
  Author                   = {Hazem Saleh},
  Publisher                = {Apress},
  Year                     = {2013},

  Owner                    = {subaochen},
  Timestamp                = {2016.09.28}
}


@Electronic{Introduction-JSF,
  Title                    = {Introduction to Java Server Faces (JSF)},
  Author                   = {Krishna Srinivasan },
  Url                      = {http://javabeat.net/introduction-to-java-server-faces/},

  Abstract                 = {JSF基本概念，版本历史},
  Owner                    = {subaochen},
  Timestamp                = {2017.7.14}
}


@Electronic{JSF-Overview,
  Title                    = {JSF-Overview},
  Author                   = {tutorialspoint},
  Url                      = {https://www.tutorialspoint.com/jsf/jsf_overview.htm},

  Abstract                 = {JSF概述},
  Owner                    = {subaochen},
  Timestamp                = {2017.07.14}
}

